@inproceedings{seq-to-seq-sutskever,
	author = {Sutskever, Ilya and Vinyals, Oriol and Le, Quoc V.},
	title = {Sequence to Sequence Learning with Neural Networks},
	year = {2014},
	publisher = {MIT Press},
	address = {Cambridge, MA, USA},
	booktitle = {Proceedings of the 27th International Conference on Neural Information Processing Systems - Volume 2},
	pages = {3104–3112},
	numpages = {9},
	location = {Montreal, Canada},
	series = {NIPS’14}
}

@article{attention-rockt,
	title={Reasoning about Entailment with Neural Attention},
	author={Tim Rockt{\"a}schel and Edward Grefenstette and Karl Moritz Hermann and Tom{\'a}s Kocisk{\'y} and Phil Blunsom},
	journal={CoRR},
	year={2015},
	volume={abs/1509.06664}
}

@inproceedings{glove,
	author = {Jeffrey Pennington and Richard Socher and Christopher D. Manning},
	booktitle = {Empirical Methods in Natural Language Processing (EMNLP)},
	title = {GloVe: Global Vectors for Word Representation},
	year = {2014},
	pages = {1532--1543},
	url = {http://www.aclweb.org/anthology/D14-1162},
}


@article{wang-nli,
	author    = {Shuohang Wang and
	Jing Jiang},
	title     = {Learning Natural Language Inference with {LSTM}},
	journal   = {CoRR},
	volume    = {abs/1512.08849},
	year      = {2015},
	url       = {http://arxiv.org/abs/1512.08849},
	archivePrefix = {arXiv},
	eprint    = {1512.08849},
	timestamp = {Tue, 12 Feb 2019 20:45:01 +0100},
	biburl    = {https://dblp.org/rec/bib/journals/corr/WangJ15b},
	bibsource = {dblp computer science bibliography, https://dblp.org}
}



@inproceedings{snli-stanford,
	Author = {Bowman, Samuel R. and Angeli, Gabor and Potts, Christopher, and Manning, Christopher D.},
	Booktitle = {Proceedings of the 2015 Conference on Empirical Methods in Natural Language Processing (EMNLP)},
	Publisher = {Association for Computational Linguistics},
	Title = {A large annotated corpus for learning natural language inference},
	Year = {2015}
}


@article{lstm-schmid,
	author = {Hochreiter, Sepp and Schmidhuber, J\"{u}rgen},
	title = {Long Short-Term Memory},
	year = {1997},
	issue_date = {November 1997},
	publisher = {MIT Press},
	address = {Cambridge, MA, USA},
	volume = {9},
	number = {8},
	issn = {0899-7667},
	url = {https://doi.org/10.1162/neco.1997.9.8.1735},
	doi = {10.1162/neco.1997.9.8.1735},
	journal = {Neural Comput.},
	month = nov,
	pages = {1735–1780},
	numpages = {46}
}

@article{gen-nli-kolesnyk,
	author    = {Vladyslav Kolesnyk and
	Tim Rockt{\"{a}}schel and
	Sebastian Riedel},
	title     = {Generating Natural Language Inference Chains},
	journal   = {CoRR},
	volume    = {abs/1606.01404},
	year      = {2016},
	url       = {http://arxiv.org/abs/1606.01404},
	archivePrefix = {arXiv},
	eprint    = {1606.01404},
	timestamp = {Mon, 13 Aug 2018 16:49:12 +0200},
	biburl    = {https://dblp.org/rec/bib/journals/corr/KolesnykRR16},
	bibsource = {dblp computer science bibliography, https://dblp.org}
}